% This file was created with JabRef 2.9.2.
% Encoding: US-ASCII

@MISC{nick-thesis,
  author = {Nick Hagarty},
  title = {The Statistics of DNA Capture by a Solid State Nanopore},
  howpublished = {Senior Thesis},
  year = {2010},
  owner = {leggerssignups},
  timestamp = {2013.04.08}
}

@ARTICLE{stein-paper,
  author = {J Li, M Gershow, D Stein, E Brandin, J Golovchenko},
  title = {DNA molecules and configurations in a solid-state nanopore microscope},
  journal = {Nature Materials},
  year = {2003},
  volume = {2},
  pages = {611-5},
  owner = {leggerssignups},
  timestamp = {2013.04.08}
}

@ARTICLE{mobility,
  author = {Stellwagen NC, Gelfi C, Righetti PG},
  title = {The free solution mobility of DNA},
  journal = {Biopo},
  year = {1997},
  volume = {42},
  pages = {687-703},
  number = {6},
  month = {Nov},
  owner = {leggerssignups},
  timestamp = {2013.04.10}
}

@ARTICLE{electrophoretic-paper,
  author = {Stijn van Dorp, Ulrich F. Keyser, Nynke H. Dekker, Cees Dekker, Serge
	G. Lemay},
  title = {Origin of the electrophoretic force on DNA in solid-state nanopores},
  journal = {Nature Physics},
  year = {2009},
  volume = {5},
  pages = {347-51},
  owner = {leggerssignups},
  timestamp = {2013.04.08}
}

@MANUAL{conductivity,
  title = {TRIS-EDTA BUFFER, pH 8.0},
  owner = {leggerssignups},
  timestamp = {2013.04.10},
  url = {http://www.amresco-inc.com/TE-BUFFER-PH-8.0-E112.cmsx}
}

@PERIODICAL{dna-hard-drive,
  title = {Double Helix Serves Double Duty},
  year = {2013},
  organization = {New York Times},
  month = {January},
  url = {http://www.nytimes.com/2013/01/29/science/using-dna-to-store-digital-information.html},
  owner = {leggerssignups},
  timestamp = {2013.04.08}
}

